@inproceedings{reek,
author = "Kenneth A. Reek",
title = "Design Patterns for Semaphores",
booktitle = "ACM SIGCSE",
year = 2004
}


@book{hailperin,
author = "Max Hailperin",
title = "Operating Systems and Middleware: Supporting Controlled Interaction",
publisher = "Thompson Course Technology",
year = 2006
}

@book{butenhof,
author = "David R. Butenhof",
title = "Programming with POSIX Threads",
publisher = "Addison-Wesley",
year = 1997
}

@book{andrews,
author = "Gregory R. Andrews",
title = "Concurrent Programming: Principles and Practice",
publisher = "Addison-Wesley",
year = 1991
}


@techreport{patil,
author = "Suhas Patil",
title = "Limitations and Capabilities of {Dijkstra}'s Semaphore Primitives
for Coordination Among Processes",
number = "",
institution = "MIT",
year = 1971
}

@article{parnas,
author = "David L. Parnas",
title = "On a solution to the cigarette smokers' problem without
conditional statements",
journal = "Communications of the ACM",
volume = 18,
numer = 3,
month = "March",
year = 1975,
pages = "181--183"
}

@article{morris,
author = "Joseph M. Morris",
title = "A starvation-free solution to the mutual exclusion problem",
journal = "Information Processing Letters",
volume = 8,
numer = 2,
month = "February",
year = 1979,
pages = "76--80"
}

@book{stallings,
author = "William Stallings",
title = "Operating Systems: Internals and Design Principles",
edition = "Fourth",
publisher = "Prentice Hall",
year = 2000
}

@book{tanenbaum,
author = "Andrew S. Tanenbaum",
title = "Modern Operating Systems",
edition = "Second",
publisher = "Prentice Hall",
year = 2001
}

@book{silberschatz,
author = "Abraham Silberschatz and Peter Baer Galvin",
title = "Operating Systems Concepts",
edition = "Fifth",
publisher = "Addison Wesley",
year = 1997
}



@article{dijkstra65,
author = "Edsger Dijkstra",
title = "Cooperating sequential processes",
publisher = "Technological University, Eindhoven, The Netherlands", 
year = 1965,
note = "Reprinted in {\em Programming Languages}, F. Genuys, ed.,
          Academic Press, New York 1968"
}


@article{gingras90dining,
author = "Armando R. Gingras",
title = "Dining philosophers revisited",
journal = "ACM SIGCSE Bulletin",
volume = 22,
number = 3,
pages = "21--24, 28",
month = "September",
year = 1990
}

@article{yue91dining,
author = "Kwok-bun Yue",
title = "Dining philosophers revisited, again",
journal = "ACM SIGCSE Bulletin",
volume = 23,
number = 2,
pages = "60--64",
month = "June",
year = 1991
}


@Book{Patil71,
  author =       "S. S. Patil",
  title =        "Limitations and Capabilities of Dijkstra's Semaphore
                 Primitives for Coordination among Processes.",
  publisher =    "Cambridge, Mass.: MIT, Project MAC, Computation
                 Structures Group Memo 57",
  month =        feb,
  year =         "1971",
}

@Article{Morris:1979:SFS,
  author =       "J. M. Morris",
  title =        "A starvation-free solution to the mutual exclusion
                 problem",
  journal =      j-INFO-PROC-LETT,
  volume =       "8",
  number =       "2",
  pages =        "76--80",
  day =          "15",
  month =        feb,
  year =         "1979",
  CODEN =        "IFPLAT",
  ISSN =         "0020-0190",
  bibdate =      "Tue Nov 17 10:49:43 MST 1998",
  note =         "See comments \cite{Annot:1986:CMS}.",
  acknowledgement = ack-nhfb,
  classification = "C4240 (Programming and algorithm theory); C6150J
                 (Operating systems)",
  corpsource =   "Dept. of Computer Sci., Trinity Coll., Dublin,
                 Ireland",
  keywords =     "algorithm; binary semaphores; multi-access systems;
                 mutual exclusion; programming theory; starvation",
  treatment =    "T Theoretical or Mathematical",
}
